@inproceedings{tensorflow,
  title={TensorFlow: A system for large-scale machine learning},
  author={Abadi, Mart{\'\i}n and Barham, Paul and Chen, Jianmin and Chen, Zhifeng and Davis, Andy and Dean, Jeffrey and Devin, Matthieu and Ghemawat, Sanjay and Irving, Geoffrey and Isard, Michael and others},
  booktitle={Proceedings of the 12th USENIX Symposium on Operating Systems Design and Implementation (OSDI). Savannah, Georgia, USA},
  year={2016}
}

@article{abbe,
  title={Text mining applications in psychiatry: a systematic literature review},
  author={Abbe, Adeline and Grouin, Cyril and Zweigenbaum, Pierre and Falissard, Bruno},
  journal={International journal of methods in psychiatric research},
  year={2015},
  publisher={Wiley Online Library}
}

@inproceedings{an2016map,
  title={MAP: Frequency-based maximization of airline profits based on an ensemble forecasting approach},
  author={An, Bo and Chen, Haipeng and Park, Noseong and Subrahmanian, VS},
  booktitle={Proceedings of the 22nd ACM International Conference on Knowledge Discovery and Data Mining (SIGKDDâ€™16)},
  pages={421--430},
  year={2016}
}

@book{ir-textbook,
  title={Modern information retrieval},
  author={Baeza-Yates, Ricardo and Ribeiro-Neto, Berthier and others},
  volume={463},
  year={1999},
  publisher={ACM press New York}
}

@inproceedings{coptads,
    title={COPTADS:Clinical Online PTSD and TBI Analysis and Detection System},
    author={S. Banaszak, V. Kagan, A. Stevens, and V.S. Subrahmanian},
    booktitle={Proc. Workshop on Visual Analytics in Healthcare'2013},
    pages={86--89},
    year={2013}
}

@article{coordinate-descent,
  title={Local convergence analysis of a grouped variable version of coordinate descent},
  author={Bezdek, JC and Hathaway, RJ and Howard, RE and Wilson, CA and Windham, MP},
  journal={Journal of Optimization Theory and Applications},
  volume={54},
  number={3},
  pages={471--477},
  year={1987},
  publisher={Springer}
}

@book{nltk,
  title={Natural language processing with Python: analyzing text with the natural language toolkit},
  author={Bird, Steven and Klein, Ewan and Loper, Edward},
  year={2009},
  publisher={" O'Reilly Media, Inc."}
}

@misc{snowball,
  title = {Snowball},
  howpublished = {\url{http://snowballstem.org}},
  author={Boulton, R. and Porter, M.},
  year={2001},
  note = {Accessed: 2017-04-01}
}

@article{anova,
  title={Non-normality and tests on variances},
  author={Box, George EP},
  journal={Biometrika},
  volume={40},
  number={3/4},
  pages={318--335},
  year={1953},
  publisher={JSTOR}
}

@article{breiman01,
  title={Random forests},
  author={Breiman, Leo},
  journal={Machine learning},
  volume={45},
  number={1},
  pages={5--32},
  year={2001},
  publisher={Springer}
}

@Misc{scipy,
  author =    {Eric Jones and Travis Oliphant and Pearu Peterson and others},
  title =     {{SciPy}: Open source scientific tools for {Python}},
  year =      {2001--},
  url = "http://www.scipy.org/",
  note = {[Online; accessed 2017-04-01]}
}

@inproceedings{xgboost,
  title={Xgboost: A scalable tree boosting system},
  author={Chen, Tianqi and Guestrin, Carlos},
  booktitle={Proceedings of the 22Nd ACM SIGKDD International Conference on Knowledge Discovery and Data Mining},
  pages={785--794},
  year={2016},
  organization={ACM}
}

@inproceedings{med2vec,
  title={Multi-layer representation learning for medical concepts},
  author={Choi, Edward and Bahadori, Mohammad Taha and Searles, Elizabeth and Coffey, Catherine and Thompson, Michael and Bost, James and Tejedor-Sojo, Javier and Sun, Jimeng},
  booktitle={Proceedings of the 22nd ACM SIGKDD International Conference on Knowledge Discovery and Data Mining},
  pages={1495--1504},
  year={2016},
  organization={ACM}
}

@inproceedings{espboost,
  title={Learning Ensembles of Structured Prediction Rules.},
  author={Cortes, Corinna and Kuznetsov, Vitaly and Mohri, Mehryar},
  booktitle={ACL (1)},
  pages={1--12},
  year={2014}
}

@article{cortes95,
  title={Support-vector networks},
  author={Cortes, Corinna and Vapnik, Vladimir},
  journal={Machine learning},
  volume={20},
  number={3},
  pages={273--297},
  year={1995},
  publisher={Springer}
}

@inproceedings{dickerson14,
  title={Using sentiment to detect bots on Twitter: Are humans more opinionated than bots?},
  author={Dickerson, John P and Kagan, Vadim and Subrahmanian, VS},
  booktitle={Advances in Social Networks Analysis and Mining (ASONAM), 2014 IEEE/ACM International Conference on},
  pages={620--627},
  year={2014},
  organization={IEEE}
}

@article{adaboost,
  title={A short introduction to boosting},
  author={Freund, Yoav and Schapire, Robert and Abe, N},
  journal={Journal-Japanese Society For Artificial Intelligence},
  volume={14},
  number={771-780},
  pages={1612},
  year={1999},
  publisher={JAPANESE SOC ARTIFICIAL INTELL}
}

@article{svd,
  title={Singular value decomposition and least squares solutions},
  author={Golub, Gene H and Reinsch, Christian},
  journal={Numerische mathematik},
  volume={14},
  number={5},
  pages={403--420},
  year={1970},
  publisher={Springer}
}

@article{hamming-loss,
  title={Error detecting and error correcting codes},
  author={Hamming, Richard W},
  journal={Bell Labs Technical Journal},
  volume={29},
  number={2},
  pages={147--160},
  year={1950},
  publisher={Wiley Online Library}
}

@inproceedings{fpgrowth,
  title={Mining frequent patterns without candidate generation},
  author={Han, Jiawei and Pei, Jian and Yin, Yiwen},
  booktitle={ACM Sigmod Record},
  volume={29 (2)},
  pages={1--12},
  year={2000},
  organization={ACM}
}

@inproceedings{ho95,
  title={Random decision forests},
  author={Ho, Tin Kam},
  booktitle={Document Analysis and Recognition, 1995., Proceedings of the Third International Conference on},
  volume={1},
  pages={278--282},
  year={1995},
  organization={IEEE}
}

@book{coptads-book,
  title={Sentiment Analysis for PTSD Signals},
  author={Kagan, Vadim and Rossini, Edward and Sapounas, Demetrios},
  year={2013},
  publisher={Springer}
}

@article{kagan15,
  title={Using twitter sentiment to forecast the 2013 pakistani election and the 2014 indian election},
  author={Kagan, Vadim and Stevens, Andrew and Subrahmanian, VS},
  journal={IEEE Intelligent Systems},
  volume={30},
  number={1},
  pages={2--5},
  year={2015},
  publisher={IEEE}
}

@inproceedings{kang2016ensemble,
  title={Ensemble Models for Data-driven Prediction of Malware Infections},
  author={Kang, Chanhyun and Park, Noseong and Prakash, B Aditya and Serra, Edoardo and Subrahmanian, VS},
  booktitle={Proceedings of the Ninth ACM International Conference on Web Search and Data Mining},
  pages={583--592},
  year={2016},
  organization={ACM}
}

@inproceedings{doc2vec,
  title={Distributed Representations of Sentences and Documents.},
  author={Le, Quoc V and Mikolov, Tomas},
  booktitle={ICML},
  volume={14},
  pages={1188--1196},
  year={2014}
}

@inproceedings{cmar,
  title={CMAR: Accurate and efficient classification based on multiple class-association rules},
  author={Li, Wenmin and Han, Jiawei and Pei, Jian},
  booktitle={Data Mining, 2001. ICDM 2001, Proceedings IEEE International Conference on},
  pages={369--376},
  year={2001},
  organization={IEEE}
}


@inproceedings{cba,
  title={Integrating classification and association rule mining},
  author={Ma, Bing Liu Wynne Hsu Yiming and Liu, Bing},
  booktitle={Proceedings of the 4th},
  year={1998}
}

@inproceedings{word2vec,
  title={Distributed representations of words and phrases and their compositionality},
  author={Mikolov, Tomas and Sutskever, Ilya and Chen, Kai and Corrado, Greg S and Dean, Jeff},
  booktitle={Advances in neural information processing systems},
  pages={3111--3119},
  year={2013}
}


@misc{python-fp-growth,
  title = {Python FP-Growth},
  howpublished = {\url{https://github.com/enaeseth/python-fp-growth}},
  author={Naeseth, E.},
  year={2009},
  note = {MIT License. Accessed: 2017-04-01}
}

@article{scikit-learn,
  title={Scikit-learn: Machine learning in Python},
  author={Pedregosa, Fabian and Varoquaux, Ga{\"e}l and Gramfort, Alexandre and Michel, Vincent and Thirion, Bertrand and Grisel, Olivier and Blondel, Mathieu and Prettenhofer, Peter and Weiss, Ron and Dubourg, Vincent and others},
  journal={Journal of Machine Learning Research},
  volume={12},
  number={Oct},
  pages={2825--2830},
  year={2011}
}

@article{liwc,
  title={Linguistic inquiry and word count: LIWC 2001},
  author={Pennebaker, James W and Francis, Martha E and Booth, Roger J},
  journal={Mahway: Lawrence Erlbaum Associates},
  volume={71},
  number={2001},
  pages={2001},
  year={2001}
}

@inproceedings{GloVe,
  title={Glove: Global Vectors for Word Representation.},
  author={Pennington, Jeffrey and Socher, Richard and Manning, Christopher D},
  booktitle={EMNLP},
  volume={14},
  pages={1532--1543},
  year={2014}
}

@article{pestian,
  title={Suicide note classification using natural language processing: A content analysis},
  author={Pestian, John and Nasrallah, Henry and Matykiewicz, Pawel and Bennett, Aurora and Leenaars, Antoon},
  journal={Biomedical informatics insights},
  volume={2010},
  number={3},
  pages={19},
  year={2010},
  publisher={NIH Public Access}
}


@book{c45,
  title={C4. 5: programs for machine learning},
  author={Quinlan, J Ross},
  year={2014},
  publisher={Elsevier}
}

@misc{c5,
  title={Rulequest research data mining tools},
  author={Quinlan, R},
  year={2006}
}

@inproceedings{gensim,
  title={Software framework for topic modelling with large corpora},
  author={Rehurek, Radim and Sojka, Petr},
  booktitle={In Proceedings of the LREC 2010 Workshop on New Challenges for NLP Frameworks},
  year={2010},
  organization={Citeseer}
}

@article{rajeswari,
  title={Feature Selection by Mining Optimized Association Rules based on Apriori Algorithm},
  author={Rajeswari, K},
  journal={International Journal of Computer Applications},
  volume={119},
  number={20},
  year={2015},
  publisher={Foundation of Computer Science}
}

@article{ross14,
  title={Mutual information between discrete and continuous data sets},
  author={Ross, Brian C},
  journal={PloS one},
  volume={9},
  number={2},
  pages={e87357},
  year={2014},
  publisher={Public Library of Science}
}

@article{roter11,
  title={The expression of emotion through nonverbal behavior in medical visits},
  author={Roter, Debra L and Frankel, Richard M and Hall, Judith A and Sluyter, David},
  journal={Journal of general internal medicine},
  volume={21},
  number={S1},
  pages={S28--S34},
  year={2006},
  publisher={Wiley Online Library}
}

@article{ctakes,
  title={Mayo clinical Text Analysis and Knowledge Extraction System (cTAKES): architecture, component evaluation and applications},
  author={Savova, Guergana K and Masanz, James J and Ogren, Philip V and Zheng, Jiaping and Sohn, Sunghwan and Kipper-Schuler, Karin C and Chute, Christopher G},
  journal={Journal of the American Medical Informatics Association},
  volume={17},
  number={5},
  pages={507--513},
  year={2010},
  publisher={The Oxford University Press}
}

@article{shiner,
  title={Automated classification of psychotherapy note text: implications for quality assessment in PTSD care},
  author={Shiner, Brian and D'avolio, Leonard W and Nguyen, Thien M and Zayed, Maha H and Watts, Bradley V and Fiore, Louis},
  journal={Journal of evaluation in clinical practice},
  volume={18},
  number={3},
  pages={698--701},
  year={2012},
  publisher={Wiley Online Library}
}


@inproceedings{stanfordparser,
  title={Parsing with Compositional Vector Grammars.},
  author={Socher, Richard and Bauer, John and Manning, Christopher D and Ng, Andrew Y},
  booktitle={ACL (1)},
  pages={455--465},
  year={2013}
}

@article{darpa,
  title={The DARPA Twitter bot challenge},
  author={Subrahmanian, VS and Azaria, Amos and Durst, Skylar and Kagan, Vadim and Galstyan, Aram and Lerman, Kristina and Zhu, Linhong and Ferrara, Emilio and Flammini, Alessandro and Menczer, Filippo},
  journal={Computer},
  volume={49},
  number={6},
  pages={38--46},
  year={2016},
  publisher={IEEE}
}

@article{tf-idf,
  title={A statistical interpretation of term specificity and its application in retrieval},
  author={Sparck Jones, Karen},
  journal={Journal of documentation},
  volume={28},
  number={1},
  pages={11--21},
  year={1972},
  publisher={MCB UP Ltd}
}

@article{subrahmanian2008ava,
  title={AVA: Adjective-verb-adverb combinations for sentiment analysis},
  author={Subrahmanian, Venkatramana S and Reforgiato, Diego},
  journal={IEEE Intelligent Systems},
  volume={23},
  number={4},
  pages={43--50},
  year={2008},
  publisher={IEEE}
}


@misc{N-GRID,
  title = {Announcement of Data Release and Call for Participation
2016 CEGS N-GRID Shared-Tasks and Workshop on Challenges in Natural Language Processing for Clinical Dat},
  howpublished = {\url{https://www.i2b2.org/NLP/RDoCforPsychiatry}},
  author={Uzuner, O., Stubbs, A., Filannino, M, 
 Cai, T., Churchill, S., Kohane, I., McCoy, Th.H.,
Perlis, R.H., Szolovits, P., Vaidyanathan, U. and
Wang, Ph.},
  year={2016},
  note = {Accessed: 2017-04-01}
}

@article{numpy,
  title={The NumPy array: a structure for efficient numerical computation},
  author={Walt, St{\'e}fan van der and Colbert, S Chris and Varoquaux, Gael},
  journal={Computing in Science \& Engineering},
  volume={13},
  number={2},
  pages={22--30},
  year={2011},
  publisher={IEEE}
}

@inproceedings{weinberger2009feature,
  title={Feature hashing for large scale multitask learning},
  author={Weinberger, Kilian and Dasgupta, Anirban and Langford, John and Smola, Alex and Attenberg, Josh},
  booktitle={Proceedings of the 26th Annual International Conference on Machine Learning},
  pages={1113--1120},
  year={2009},
  organization={ACM}
}

@article{wu08,
  title={Top 10 algorithms in data mining},
  author={Wu, Xindong and Kumar, Vipin and Quinlan, J Ross and Ghosh, Joydeep and Yang, Qiang and Motoda, Hiroshi and McLachlan, Geoffrey J and Ng, Angus and Liu, Bing and Philip, S Yu and others},
  journal={Knowledge and information systems},
  volume={14},
  number={1},
  pages={1--37},
  year={2008},
  publisher={Springer}
}

@misc{open-blas,
  title={OpenBLAS: an optimized BLAS library},
  author={Xianyi, Z},
  howpublished = {\url{http://www.openblas.net}},
  year={2016},
  note={Accessed 2017-04-01}
}

@article{Xu07,
  title={A study on mutual information-based feature selection for text categorization},
  author={Xu, Yang and Jones, Gareth JF and Li, JinTao and Wang, Bin and Sun, ChunMing},
  journal={Journal of Computational Information Systems},
  volume={3},
  number={3},
  pages={1007--1012},
  year={2007},
  publisher={Binary Information Press}
}

@article{chisquare,
  title={Contingency tables involving small numbers and the $\chi$ 2 test},
  author={Yates, Frank},
  journal={Supplement to the Journal of the Royal Statistical Society},
  volume={1},
  number={2},
  pages={217--235},
  year={1934},
  publisher={JSTOR}
}

@inproceedings{rish2001empirical,
  title={An empirical study of the naive Bayes classifier},
  author={Rish, Irina},
  booktitle={IJCAI 2001 workshop on empirical methods in artificial intelligence},
  volume={3},
  number={22},
  pages={41--46},
  year={2001},
  organization={IBM New York}
}

@article{blei2003latent,
  title={Latent dirichlet allocation},
  author={Blei, David M and Ng, Andrew Y and Jordan, Michael I},
  journal={Journal of machine Learning research},
  volume={3},
  number={Jan},
  pages={993--1022},
  year={2003}
}

@book{liu2007web,
  title={Web data mining: exploring hyperlinks, contents, and usage data},
  author={Liu, Bing},
  year={2007},
  publisher={Springer Science \& Business Media}
}

@book{celebi2015partitional,
  title={Partitional clustering algorithms},
  author={Celebi, M Emre and others},
  year={2015},
  publisher={Springer}
}
